@article{openmc,
   author = {P.K. Romano and N.E. Horelik and B.R. Herman and A.G. Nelson and B. Forget and K. Smith},
    title = {{OpenMC: A State-of-the-Art {Monte} {Carlo} Code for Research and Development}},
  journal = {Annals of Nuclear Energy},
     year = {2015},
   volume = {82},
    pages = {90--97},
      DOI = {10.1016/j.anucene.2014.07.048}
}

@article{vtb2023,
author = {Guillaume L. Giudicelli and Abdalla Abou-Jaoude and April J. Novak and Ahmed Abdelhameed and Paolo Balestra and Lise Charlot and Jun Fang and Bo Feng and Thomas Folk and Ramiro Freile and Thomas Freyman and Derek Gaston and Logan Harbour and Thanh Hua and Wen Jiang and Nicolas Martin and Yinbin Miao and Jason Miller and Isaac Naupa and Dan Oâ€™Grady and David Reger and Emily Shemon and Nicolas Stauff and Mauricio Tano and Stefano Terlizzi and Samuel Walker and Cody Permann},
title = {The Virtual Test Bed (VTB) Repository: A Library of Reference Reactor Models Using NEAMS Tools},
journal = {Nuclear Science and Engineering},
volume = {0},
number = {0},
pages = {1-17},
year  = {2023},
publisher = {Taylor & Francis},
doi = {10.1080/00295639.2022.2142440},
URL = {https://doi.org/10.1080/00295639.2022.2142440}
}

@InProceedings{Abdelhameed-ANS-2022,
    author = "Abdelhameed, Ahmed Amin and Cao, Yan and Nunez, Daniel and Miao, Yinbin and Mo, Kun and Lee, Changho and Shemon, Emily and Stauff, Nicolas E.",
    title = "High-Fidelity Multiphysics Modeling of Load Following for 3-D Gas-Cooled Microreactor Assembly using NEAMS Codes",
    booktitle = "{Proceedings of the American Nuclear Society Winter Conference}",
    year = "2022"
}

@InProceedings{Stauff-applications-2022,
    author = "Stauff, Nicolas E. and Abdelhameed, Ahmed Amin and Cao, Yan and Nunez, Daniel and Miao, Yinbin and Mo, Kun and Lee, Changho and Matthews, Christopher and Shemon, Emily and Thomas, Justin",
    title = "Applications of NEAMS Codes for Multiphysics Modeling of Several Microreactors Problems",
    booktitle = "{Proceedings of the American Nuclear Society Winter Conference}",
    year = "2022"
}

@article{Stauff-preliminary-applications-2021,
    author = {Stauff, Nicolas E. and Mo, Kun and Cao, Yan and Thomas, Justin W. and Miao, Yinbin and Lee, Changho and Matthews, Christopher and Feng, Bo},
    title = {Preliminary Applications of NEAMS Codes for Multiphysics Modeling of a Heat Pipe Microreactor},
    year = {2021},
    journal = {Proceedings of the American Nuclear Society Annual 2021 Meeting}
}

@misc{website,
	Date-Added = {2011-09-20 09:03:30 -0400},
	Date-Modified = {2011-09-20 09:04:56 -0400},
	Title = {{Spallation Neutron Source: The next-generation neutron-scattering facility for the United States}},
	Url = {http://www.sns.gov/documentation/sns_brochure.pdf},
	Urldate = {2002},
	Year = {2002}
}


@book{book,
	Address = {City, State, Country},
	Author = {Author, Emily Ford and Author, First Middle},
	Publisher = {Publisher},
	Title = {Book Title in Italic},
	Url = {https://search.lib.umich.edu/catalog/record/001436308},
	Year = {19xx}
}

% Same as inproceedings
@conference{conf_paper,
	Address = {City, State, Country},
	Author = {Author(s), Charles Darwin},
	Booktitle = {Proceedings of Meeting in Italic},
	Month = {Dates},
	Pages = {134--156},
	Title = {Conference Paper Title},
	Year = {19xx}
}

@article{journal,
	Author = {Author(s), Bee},
	Journal = {Journal Name in Italic},
	Pages = {34-89},
	Title = {Title},
	Volume = {in Bold},
	Url = {https://ans.tandfonline.com/loi/unse20},
	Year = {19xx}}

@techreport{report,
    Author = {Kochunas, Brendan},
    Title = {LaTeX Class Guide},
    Institution = {University of Michigan},
    Number = {NURAM-2023-001-00},
    Year = {2024}
}

@inproceedings{proc_paper,
  address = {City, State, Country},
  booktitle = {Proceedings of the PHYSOR-2024},
  title={Paper Title},
  author={A, Author and B, Author and C, Author and D, Author},
  year={2024},
  publisher={American Nuclear Society}
}

